@article{0004-637X-717-1-323,
  author={Amber Bauermeister and Leo Blitz and Chung-Pei Ma},
  title={The Gas Consumption History to Redshift 4},
  journal={The Astrophysical Journal},
  volume={717},
  number={1},
  pages={323},
  url={http://stacks.iop.org/0004-637X/717/i=1/a=323},
  year={2010}
  }
  

@ARTICLE{1998ApJ...498...77C,
   author = {{Chen}, H.-W. and {Lanzetta}, K.~M. and {Webb}, J.~K. and {Barcons}, X.
	},
    title = "{The Gaseous Extent of Galaxies and the Origin of Ly{$\alpha$} Absorption Systems. III. Hubble Space Telescope Imaging of Ly{$\alpha$}-absorbing Galaxies at z {\lt} 1}",
  journal = {\apj},
   eprint = {astro-ph/9710310},
 keywords = {GALAXIES: QUASARS: ABSORPTION LINES, GALAXIES: CLUSTERS: GENERAL, GALAXIES: DISTANCES AND REDSHIFTS, Galaxies: Clusters: General, Galaxies: Distances and Redshifts, Galaxies: Quasars: Absorption Lines},
     year = 1998,
    month = may,
   volume = 498,
    pages = {77-94},
      doi = {10.1086/305554},
   adsurl = {http://adsabs.harvard.edu/abs/1998ApJ...498...77C},
  adsnote = {Provided by the SAO/NASA Astrophysics Data System}
}


@ARTICLE{2001ApJ...559..654C,
   author = {{Chen}, H.-W. and {Lanzetta}, K.~M. and {Webb}, J.~K. and {Barcons}, X.
	},
    title = "{The Gaseous Extent of Galaxies and the Origin of Ly{$\alpha$} Absorption Systems. V. Optical and Near-Infrared Photometry of Ly{$\alpha$}-absorbing Galaxies at z{\lt}1}",
  journal = {\apj},
   eprint = {astro-ph/0107137},
 keywords = {Galaxies: Evolution, Galaxies: Halos, Galaxies: ISM, Galaxies: Quasars: Absorption Lines},
     year = 2001,
    month = oct,
   volume = 559,
    pages = {654-674},
      doi = {10.1086/322414},
   adsurl = {http://adsabs.harvard.edu/abs/2001ApJ...559..654C},
  adsnote = {Provided by the SAO/NASA Astrophysics Data System}
}


@ARTICLE{2005ApJ...618..178C,
   author = {{C{\^o}t{\'e}}, S. and {Wyse}, R.~F.~G. and {Carignan}, C. and 
	{Freeman}, K.~C. and {Broadhurst}, T.},
    title = "{Probing Halos of Galaxies at Very Large Radii Using Background QSOs}",
  journal = {\apj},
   eprint = {astro-ph/0410288},
 keywords = {Galaxies: Halos, Galaxies: ISM, Galaxies: Spiral, Galaxies: Quasars: Absorption Lines},
     year = 2005,
    month = jan,
   volume = 618,
    pages = {178-194},
      doi = {10.1086/425853},
   adsurl = {http://adsabs.harvard.edu/abs/2005ApJ...618..178C},
  adsnote = {Provided by the SAO/NASA Astrophysics Data System}
}


@ARTICLE{2008ApJ...679..194D,
   author = {{Danforth}, C.~W. and {Shull}, J.~M.},
    title = "{The Low-z Intergalactic Medium. III. H I and Metal Absorbers at z {\lt} 0.4}",
  journal = {\apj},
archivePrefix = "arXiv",
   eprint = {0709.4030},
 keywords = {Cosmology: Cosmological Parameters, Cosmology: Observations, Galaxies: Intergalactic Medium, Galaxies: Quasars: Absorption Lines, Ultraviolet: General},
     year = 2008,
    month = may,
   volume = 679,
    pages = {194-219},
      doi = {10.1086/587127},
   adsurl = {http://adsabs.harvard.edu/abs/2008ApJ...679..194D},
  adsnote = {Provided by the SAO/NASA Astrophysics Data System}
}


@ARTICLE{2008ApJ...674..151E,
   author = {{Erb}, D.~K.},
    title = "{A Model for Star Formation, Gas Flows, and Chemical Evolution in Galaxies at High Redshifts}",
  journal = {\apj},
archivePrefix = "arXiv",
   eprint = {0710.4146},
 keywords = {Galaxies: Abundances, Galaxies: Evolution, Galaxies: High-Redshift},
     year = 2008,
    month = feb,
   volume = 674,
    pages = {151-156},
      doi = {10.1086/524727},
   adsurl = {http://adsabs.harvard.edu/abs/2008ApJ...674..151E},
  adsnote = {Provided by the SAO/NASA Astrophysics Data System}
}


@article{Genzel01102010,
author = {Genzel, R. and Tacconi, L. J. and Gracia-Carpio, J. and Sternberg, A. and Cooper, M. C. and Shapiro, K. and Bolatto, A. and Bouché, N. and Bournaud, F. and Burkert, A. and Combes, F. and Comerford, J. and Cox, P. and Davis, M. and Schreiber, N. M. Förster and Garcia-Burillo, S. and Lutz, D. and Naab, T. and Neri, R. and Omont, A. and Shapley, A. and Weiner, B.}, 
title = {A study of the gas–star formation relation over cosmic time},
volume = {407}, 
number = {4}, 
pages = {2091-2108}, 
year = {2010}, 
doi = {10.1111/j.1365-2966.2010.16969.x},  
URL = {http://mnras.oxfordjournals.org/content/407/4/2091.abstract}, 
eprint = {http://mnras.oxfordjournals.org/content/407/4/2091.full.pdf+html}, 
journal = {Monthly Notices of the Royal Astronomical Society} 
}


@ARTICLE{1972MmRAS..75...85H,
   author = {{Heidmann}, J. and {Heidmann}, N. and {de Vaucouleurs}, G.},
    title = "{Inclination and absorption effects on the apparent diameters, optical luminosities and neutral hydrogen radiation of galaxies{\mdash}I. Optical and 21-cm line data}",
  journal = {\memras},
     year = 1972,
   volume = 75,
    pages = {85},
   adsurl = {http://adsabs.harvard.edu/abs/1972MmRAS..75...85H},
  adsnote = {Provided by the SAO/NASA Astrophysics Data System}
}


@ARTICLE{1996MNRAS.283..316J,
   author = {{Jones}, H. and {Davies}, J.~I. and {Trewhella}, M.},
    title = "{The distribution of galactic inclinations - a clue to opacity?}",
  journal = {\mnras},
     year = 1996,
    month = nov,
   volume = 283,
    pages = {316},
      doi = {10.1093/mnras/283.1.316},
   adsurl = {http://adsabs.harvard.edu/abs/1996MNRAS.283..316J},
  adsnote = {Provided by the SAO/NASA Astrophysics Data System}
}


@ARTICLE{2011MNRAS.416.3118K,
   author = {{Kacprzak}, G.~G. and {Churchill}, C.~W. and {Evans}, J.~L. and 
	{Murphy}, M.~T. and {Steidel}, C.~C.},
    title = "{Morphological properties of z{\tilde} 0.5 absorption-selected galaxies: the role of galaxy inclination}",
  journal = {\mnras},
archivePrefix = "arXiv",
   eprint = {1106.3068},
 primaryClass = "astro-ph.CO",
 keywords = {galaxies: haloes, galaxies: ISM, quasars: absorption lines},
     year = 2011,
    month = oct,
   volume = 416,
    pages = {3118-3137},
      doi = {10.1111/j.1365-2966.2011.19261.x},
   adsurl = {http://adsabs.harvard.edu/abs/2011MNRAS.416.3118K},
  adsnote = {Provided by the SAO/NASA Astrophysics Data System}
}


@ARTICLE{2012ApJ...760L...7K,
   author = {{Kacprzak}, G.~G. and {Churchill}, C.~W. and {Nielsen}, N.~M.
	},
    title = "{Tracing Outflows and Accretion: A Bimodal Azimuthal Dependence of Mg II Absorption}",
  journal = {\apjl},
archivePrefix = "arXiv",
   eprint = {1205.0245},
 primaryClass = "astro-ph.CO",
 keywords = {galaxies: halos, intergalactic medium, quasars: absorption lines},
     year = 2012,
    month = nov,
   volume = 760,
      eid = {L7},
    pages = {L7},
      doi = {10.1088/2041-8205/760/1/L7},
   adsurl = {http://adsabs.harvard.edu/abs/2012ApJ...760L...7K},
  adsnote = {Provided by the SAO/NASA Astrophysics Data System}
}


@ARTICLE{1995ApJ...442..538L,
   author = {{Lanzetta}, K.~M. and {Bowen}, D.~V. and {Tytler}, D. and {Webb}, J.~K.
	},
    title = "{The gaseous extent of galaxies and the origin of Lyman-alpha absorption systems: A survey of galaxies in the fields of Hubble Space Telescope spectroscopic target QSOs}",
  journal = {\apj},
 keywords = {Absorption Spectra, Faint Objects, Galactic Halos, Galaxies, Lyman Alpha Radiation, Quasars, Sky Surveys (Astronomy), Ultraviolet Astronomy, Astronomical Spectroscopy, Data Reduction, Image Analysis, Spectrum Analysis, Statistical Analysis, Ultraviolet Spectra},
     year = 1995,
    month = apr,
   volume = 442,
    pages = {538-568},
      doi = {10.1086/175459},
   adsurl = {http://adsabs.harvard.edu/abs/1995ApJ...442..538L},
  adsnote = {Provided by the SAO/NASA Astrophysics Data System}
}


@ARTICLE{2007ApJ...658..680L,
   author = {{Lehner}, N. and {Savage}, B.~D. and {Richter}, P. and {Sembach}, K.~R. and 
	{Tripp}, T.~M. and {Wakker}, B.~P.},
    title = "{Physical Properties, Baryon Content, and Evolution of the Ly{$\alpha$} Forest: New Insights from High-Resolution Observations at z $\lt$\~{} 0.4}",
  journal = {\apj},
   eprint = {astro-ph/0612275},
 keywords = {Cosmology: Observations, Galaxies: Intergalactic Medium, Galaxies: Quasars: Absorption Lines},
     year = 2007,
    month = apr,
   volume = 658,
    pages = {680-709},
      doi = {10.1086/511749},
   adsurl = {http://adsabs.harvard.edu/abs/2007ApJ...658..680L},
  adsnote = {Provided by the SAO/NASA Astrophysics Data System}
}


@ARTICLE{2014MNRAS.445.2061L,
   author = {{Liang}, C.~J. and {Chen}, H.-W.},
    title = "{Mining circumgalactic baryons in the low-redshift universe}",
  journal = {\mnras},
archivePrefix = "arXiv",
   eprint = {1402.3602},
 keywords = {survey, galaxies: dwarf, galaxies: haloes, intergalactic medium, quasars: absorption lines},
     year = 2014,
    month = dec,
   volume = 445,
    pages = {2061-2081},
      doi = {10.1093/mnras/stu1901},
   adsurl = {http://adsabs.harvard.edu/abs/2014MNRAS.445.2061L},
  adsnote = {Provided by the SAO/NASA Astrophysics Data System}
}


@ARTICLE{2014ApJ...792..128M,
   author = {{Mathes}, N.~L. and {Churchill}, C.~W. and {Kacprzak}, G.~G. and 
	{Nielsen}, N.~M. and {Trujillo-Gomez}, S. and {Charlton}, J. and 
	{Muzahid}, S.},
    title = "{Halo Mass Dependence of H I and O VI Absorption: Evidence for Differential Kinematics}",
  journal = {\apj},
archivePrefix = "arXiv",
   eprint = {1406.2314},
 keywords = {galaxies: evolution, galaxies: halos, intergalactic medium, quasars: absorption lines},
     year = 2014,
    month = sep,
   volume = 792,
      eid = {128},
    pages = {128},
      doi = {10.1088/0004-637X/792/2/128},
   adsurl = {http://adsabs.harvard.edu/abs/2014ApJ...792..128M},
  adsnote = {Provided by the SAO/NASA Astrophysics Data System}
}


@ARTICLE{2002ApJ...565..720P,
   author = {{Penton}, S.~V. and {Stocke}, J.~T. and {Shull}, J.~M.},
    title = "{The Local Ly{$\alpha$} Forest. III. Relationship between Ly{$\alpha$} Absorbers and Galaxies, Voids, and Superclusters}",
  journal = {\apj},
   eprint = {astro-ph/0109277},
 keywords = {Galaxies: Halos, Galaxies: Intergalactic Medium, Galaxies: Quasars: Absorption Lines, Ultraviolet: Galaxies},
     year = 2002,
    month = feb,
   volume = 565,
    pages = {720-742},
      doi = {10.1086/324483},
   adsurl = {http://adsabs.harvard.edu/abs/2002ApJ...565..720P},
  adsnote = {Provided by the SAO/NASA Astrophysics Data System}
}


@ARTICLE{2004ApJS..152...29P,
   author = {{Penton}, S.~V. and {Stocke}, J.~T. and {Shull}, J.~M.},
    title = "{The Local Ly{$\alpha$} Forest. IV. Space Telescope Imaging Spectrograph G140M Spectra and Results on the Distribution and Baryon Content of H I Absorbers}",
  journal = {\apjs},
   eprint = {astro-ph/0401036},
 keywords = {Galaxies: Intergalactic Medium, Galaxies: Quasars: Absorption Lines, Ultraviolet: Galaxies},
     year = 2004,
    month = may,
   volume = 152,
    pages = {29-62},
      doi = {10.1086/382877},
   adsurl = {http://adsabs.harvard.edu/abs/2004ApJS..152...29P},
  adsnote = {Provided by the SAO/NASA Astrophysics Data System}
}


@ARTICLE{2006ApJ...643..680P,
   author = {{Prochaska}, J.~X. and {Weiner}, B.~J. and {Chen}, H.-W. and 
	{Mulchaey}, J.~S.},
    title = "{Probing the Intergalactic Medium-Galaxy Connection toward PKS 0405-123. III. The Galaxy Survey and Correlations with O VI Absorbers}",
  journal = {\apj},
   eprint = {astro-ph/0602172},
 keywords = {Galaxies: Quasars: Absorption Lines},
     year = 2006,
    month = jun,
   volume = 643,
    pages = {680-691},
      doi = {10.1086/503184},
   adsurl = {http://adsabs.harvard.edu/abs/2006ApJ...643..680P},
  adsnote = {Provided by the SAO/NASA Astrophysics Data System}
}


@article{0004-637X-696-2-1543,
  author={J. Xavier Prochaska and Arthur M. Wolfe},
  title={On the (Non)Evolution of H I Gas in Galaxies Over Cosmic Time},
  journal={The Astrophysical Journal},
  volume={696},
  number={2},
  pages={1543},
  url={http://stacks.iop.org/0004-637X/696/i=2/a=1543},
  year={2009}
  }


@ARTICLE{2011ApJ...740...91P,
   author = {{Prochaska}, J.~X. and {Weiner}, B. and {Chen}, H.-W. and {Mulchaey}, J. and 
	{Cooksey}, K.},
    title = "{Probing the Intergalactic Medium/Galaxy Connection. V. On the Origin of Ly{$\alpha$} and O VI Absorption at z {\lt} 0.2}",
  journal = {\apj},
archivePrefix = "arXiv",
   eprint = {1103.1891},
 primaryClass = "astro-ph.CO",
 keywords = {galaxies: structure, intergalactic medium, large-scale structure of universe, quasars: absorption lines},
     year = 2011,
    month = oct,
   volume = 740,
      eid = {91},
    pages = {91},
      doi = {10.1088/0004-637X/740/2/91},
   adsurl = {http://adsabs.harvard.edu/abs/2011ApJ...740...91P},
  adsnote = {Provided by the SAO/NASA Astrophysics Data System}
}


@INPROCEEDINGS{2009astro2010S.241P,
   author = {{Putman}, M.~E. and {Henning}, P. and {Bolatto}, A. and {Keres}, D. and 
	{Pisano}, D.~J. and {Rosenberg}, J. and {Bigiel}, F. and {Bryan}, G. and 
	{Calzetti}, D. and {Carilli}, C. and {Charlton}, J. and {Chen}, H.-W. and 
	{Darling}, J. and {Gibson}, S. and {Gnedin}, N. and {Gnedin}, O. and 
	{Heitsch}, F. and {Hunter}, D. and {Kannappan}, S. and {Krumholz}, M. and 
	{Lazarian}, A. and {Lasio}, J. and {Leroy}, A. and {Lockman}, F.~J. and 
	{Mac Low}, M. and {Maller}, A. and {Meurer}, G. and {O'Neil}, K. and 
	{Ostriker}, J. and {Peek}, J.~E.~G. and {Prochaska}, J.~X. and 
	{Rand}, R. and {Robertson}, B. and {Schiminovich}, D. and {Simon}, J. and 
	{Stanimirovic}, S. and {Thilker}, D. and {Thom}, C. and {Tinker}, J. and 
	{Wakker}, B. and {Weiner}, B. and {van der Hulst}, J.~M. and 
	{Wolfe}, A. and {Wong}, O.~I. and {Young}, L.},
    title = "{How do galaxies accrete gas and form stars?}",
booktitle = {astro2010: The Astronomy and Astrophysics Decadal Survey},
     year = 2009,
   series = {Astronomy},
   volume = 2010,
archivePrefix = "arXiv",
   eprint = {0902.4717},
 primaryClass = "astro-ph.CO",
    pages = {241},
   adsurl = {http://adsabs.harvard.edu/abs/2009astro2010S.241P},
  adsnote = {Provided by the SAO/NASA Astrophysics Data System}
}


@ARTICLE{2009arXiv0907.1023P,
   author = {{Putman}, M.~E. and {Peek}, J.~E.~G. and {Heitsch}, F.},
    title = "{The Accretion of Fuel at the Disk-Halo Interface}",
  journal = {ArXiv e-prints},
archivePrefix = "arXiv",
   eprint = {0907.1023},
 primaryClass = "astro-ph.GA",
 keywords = {Astrophysics - Galaxy Astrophysics, Astrophysics - Cosmology and Extragalactic Astrophysics},
     year = 2009,
    month = jul,
   adsurl = {http://adsabs.harvard.edu/abs/2009arXiv0907.1023P},
  adsnote = {Provided by the SAO/NASA Astrophysics Data System}
}


@ARTICLE{2012ApJ...750...67R,
   author = {{Rudie}, G.~C. and {Steidel}, C.~C. and {Trainor}, R.~F. and 
	{Rakic}, O. and {Bogosavljevi{\'c}}, M. and {Pettini}, M. and 
	{Reddy}, N. and {Shapley}, A.~E. and {Erb}, D.~K. and {Law}, D.~R.
	},
    title = "{The Gaseous Environment of High-z Galaxies: Precision Measurements of Neutral Hydrogen in the Circumgalactic Medium of z \~{} 2-3 Galaxies in the Keck Baryonic Structure Survey}",
  journal = {\apj},
archivePrefix = "arXiv",
   eprint = {1202.6055},
 primaryClass = "astro-ph.CO",
 keywords = {cosmology: observations, galaxies: evolution, galaxies: formation, galaxies: high-redshift, intergalactic medium, quasars: absorption lines},
     year = 2012,
    month = may,
   volume = 750,
      eid = {67},
    pages = {67},
      doi = {10.1088/0004-637X/750/1/67},
   adsurl = {http://adsabs.harvard.edu/abs/2012ApJ...750...67R},
  adsnote = {Provided by the SAO/NASA Astrophysics Data System}
}


@ARTICLE{2014ApJS..212....8S,
   author = {{Savage}, B.~D. and {Kim}, T.-S. and {Wakker}, B.~P. and {Keeney}, B. and 
	{Shull}, J.~M. and {Stocke}, J.~T. and {Green}, J.~C.},
    title = "{The Properties of Low Redshift Intergalactic O VI Absorbers Determined from High S/N Observations of 14 QSOs with the Cosmic Origins Spectrograph}",
  journal = {\apjs},
archivePrefix = "arXiv",
   eprint = {1403.7542},
 keywords = {galaxies: halos, intergalactic medium, plasmas, quasars: absorption lines},
     year = 2014,
    month = may,
   volume = 212,
      eid = {8},
    pages = {8},
      doi = {10.1088/0067-0049/212/1/8},
   adsurl = {http://adsabs.harvard.edu/abs/2014ApJS..212....8S},
  adsnote = {Provided by the SAO/NASA Astrophysics Data System}
}


@ARTICLE{2012ApJ...759...23S,
   author = {{Shull}, J.~M. and {Smith}, B.~D. and {Danforth}, C.~W.},
    title = "{The Baryon Census in a Multiphase Intergalactic Medium: 30\% of the Baryons May Still be Missing}",
  journal = {\apj},
archivePrefix = "arXiv",
   eprint = {1112.2706},
 primaryClass = "astro-ph.CO",
 keywords = {cosmological parameters, intergalactic medium, quasars: absorption lines},
     year = 2012,
    month = nov,
   volume = 759,
      eid = {23},
    pages = {23},
      doi = {10.1088/0004-637X/759/1/23},
   adsurl = {http://adsabs.harvard.edu/abs/2012ApJ...759...23S},
  adsnote = {Provided by the SAO/NASA Astrophysics Data System}
}


@ARTICLE{2010ApJ...717..289S,
   author = {{Steidel}, C.~C. and {Erb}, D.~K. and {Shapley}, A.~E. and {Pettini}, M. and 
	{Reddy}, N. and {Bogosavljevi{\'c}}, M. and {Rudie}, G.~C. and 
	{Rakic}, O.},
    title = "{The Structure and Kinematics of the Circumgalactic Medium from Far-ultraviolet Spectra of z \~{}= 2-3 Galaxies}",
  journal = {\apj},
archivePrefix = "arXiv",
   eprint = {1003.0679},
 primaryClass = "astro-ph.CO",
 keywords = {cosmology: observations, galaxies: evolution, galaxies: high-redshift},
     year = 2010,
    month = jul,
   volume = 717,
    pages = {289-322},
      doi = {10.1088/0004-637X/717/1/289},
   adsurl = {http://adsabs.harvard.edu/abs/2010ApJ...717..289S},
  adsnote = {Provided by the SAO/NASA Astrophysics Data System}
}


@ARTICLE{2013ApJ...763..148S,
   author = {{Stocke}, J.~T. and {Keeney}, B.~A. and {Danforth}, C.~W. and 
	{Shull}, J.~M. and {Froning}, C.~S. and {Green}, J.~C. and {Penton}, S.~V. and 
	{Savage}, B.~D.},
    title = "{Characterizing the Circumgalactic Medium of Nearby Galaxies with HST/COS and HST/STIS Absorption-line Spectroscopy}",
  journal = {\apj},
archivePrefix = "arXiv",
   eprint = {1212.5658},
 primaryClass = "astro-ph.CO",
 keywords = {galaxies: dwarf, galaxies: groups: general, galaxies: halos, galaxies: spiral, intergalactic medium, quasars: absorption lines},
     year = 2013,
    month = feb,
   volume = 763,
      eid = {148},
    pages = {148},
      doi = {10.1088/0004-637X/763/2/148},
   adsurl = {http://adsabs.harvard.edu/abs/2013ApJ...763..148S},
  adsnote = {Provided by the SAO/NASA Astrophysics Data System}
}


@ARTICLE{2014MNRAS.437.2017T,
   author = {{Tejos}, N. and {Morris}, S.~L. and {Finn}, C.~W. and {Crighton}, N.~H.~M. and 
	{Bechtold}, J. and {Jannuzi}, B.~T. and {Schaye}, J. and {Theuns}, T. and 
	{Altay}, G. and {Le F{\`e}vre}, O. and {Ryan-Weber}, E. and 
	{Dav{\'e}}, R.},
    title = "{On the connection between the intergalactic medium and galaxies: the H I-galaxy cross-correlation at z {\lsim} 1}",
  journal = {\mnras},
archivePrefix = "arXiv",
   eprint = {1309.5950},
 primaryClass = "astro-ph.CO",
 keywords = {galaxies: formation, intergalactic medium, quasars: absorption lines, large-scale structure of Universe},
     year = 2014,
    month = jan,
   volume = 437,
    pages = {2017-2075},
      doi = {10.1093/mnras/stt1844},
   adsurl = {http://adsabs.harvard.edu/abs/2014MNRAS.437.2017T},
  adsnote = {Provided by the SAO/NASA Astrophysics Data System}
}


@ARTICLE{2012ApJ...758L..41T,
   author = {{Thom}, C. and {Tumlinson}, J. and {Werk}, J.~K. and {Prochaska}, J.~X. and 
	{Oppenheimer}, B.~D. and {Peeples}, M.~S. and {Tripp}, T.~M. and 
	{Katz}, N.~S. and {O'Meara}, J.~M. and {Ford}, A.~B. and {Dav{\'e}}, R. and 
	{Sembach}, K.~R. and {Weinberg}, D.~H.},
    title = "{Not Dead Yet: Cool Circumgalactic Gas in the Halos of Early-type Galaxies}",
  journal = {\apjl},
archivePrefix = "arXiv",
   eprint = {1209.5442},
 primaryClass = "astro-ph.CO",
 keywords = {galaxies: formation, galaxies: halos, intergalactic medium, quasars: absorption lines},
     year = 2012,
    month = oct,
   volume = 758,
      eid = {L41},
    pages = {L41},
      doi = {10.1088/2041-8205/758/2/L41},
   adsurl = {http://adsabs.harvard.edu/abs/2012ApJ...758L..41T},
  adsnote = {Provided by the SAO/NASA Astrophysics Data System}
}


@ARTICLE{1998ApJ...508..200T,
   author = {{Tripp}, T.~M. and {Lu}, L. and {Savage}, B.~D.},
    title = "{The Relationship between Galaxies and Low-Redshift Weak Ly{$\alpha$} Absorbers in the Directions of H1821+643 and PG 1116+215}",
  journal = {\apj},
   eprint = {astro-ph/9806036},
 keywords = {GALAXIES: DISTANCES AND REDSHIFTS, QUASARS: INDIVIDUAL (H1821+643), QUASARS: INDIVIDUAL (PG 1116+215), GALAXIES: QUASARS: ABSORPTION LINES, galaxies: distances and redshifts -- quasars: individual (H1821+643), galaxies: distances and redshifts -- quasars: individual (PG 1116+215), Galaxies: Quasars: Absorption Lines},
     year = 1998,
    month = nov,
   volume = 508,
    pages = {200-231},
      doi = {10.1086/306397},
   adsurl = {http://adsabs.harvard.edu/abs/1998ApJ...508..200T},
  adsnote = {Provided by the SAO/NASA Astrophysics Data System}
}


@ARTICLE{2011ApJ...733..111T,
   author = {{Tumlinson}, J. and {Werk}, J.~K. and {Thom}, C. and {Meiring}, J.~D. and 
	{Prochaska}, J.~X. and {Tripp}, T.~M. and {O'Meara}, J.~M. and 
	{Okrochkov}, M. and {Sembach}, K.~R.},
    title = "{Multiphase Gas in Galaxy Halos: The O VI Lyman-limit System toward J1009+0713}",
  journal = {\apj},
archivePrefix = "arXiv",
   eprint = {1103.5252},
 keywords = {galaxies: formation, galaxies: halos, intergalactic medium, quasars: absorption lines},
     year = 2011,
    month = jun,
   volume = 733,
      eid = {111},
    pages = {111},
      doi = {10.1088/0004-637X/733/2/111},
   adsurl = {http://adsabs.harvard.edu/abs/2011ApJ...733..111T},
  adsnote = {Provided by the SAO/NASA Astrophysics Data System}
}


@ARTICLE{2009ApJS..182..378W,
   author = {{Wakker}, B.~P. and {Savage}, B.~D.},
    title = "{The Relationship Between Intergalactic H I/O VI and Nearby (z {\lt} 0.017) Galaxies}",
  journal = {\apjs},
archivePrefix = "arXiv",
   eprint = {0903.2259},
 primaryClass = "astro-ph.CO",
 keywords = {galaxies: evolution, galaxies: halos, intergalactic medium, ultraviolet: galaxies},
     year = 2009,
    month = may,
   volume = 182,
    pages = {378-467},
      doi = {10.1088/0067-0049/182/1/378},
   adsurl = {http://adsabs.harvard.edu/abs/2009ApJS..182..378W},
  adsnote = {Provided by the SAO/NASA Astrophysics Data System}
}


@ARTICLE{2015ApJ...814...40W,
   author = {{Wakker}, B.~P. and {Hernandez}, A.~K. and {French}, D.~M. and 
	{Kim}, T.-S. and {Oppenheimer}, B.~D. and {Savage}, B.~D.},
    title = "{Nearby Galaxy Filaments and the Ly-alpha Forest: Confronting Simulations and the UV Background with Observations}",
  journal = {\apj},
archivePrefix = "arXiv",
   eprint = {1504.02539},
 keywords = {galaxies: halos, intergalactic medium, quasars: absorption lines, ultraviolet: general},
     year = 2015,
    month = nov,
   volume = 814,
      eid = {40},
    pages = {40},
      doi = {10.1088/0004-637X/814/1/40},
   adsurl = {http://adsabs.harvard.edu/abs/2015ApJ...814...40W},
  adsnote = {Provided by the SAO/NASA Astrophysics Data System}
}


@ARTICLE{2014ApJ...792....8W,
   author = {{Werk}, J.~K. and {Prochaska}, J.~X. and {Tumlinson}, J. and 
	{Peeples}, M.~S. and {Tripp}, T.~M. and {Fox}, A.~J. and {Lehner}, N. and 
	{Thom}, C. and {O'Meara}, J.~M. and {Ford}, A.~B. and {Bordoloi}, R. and 
	{Katz}, N. and {Tejos}, N. and {Oppenheimer}, B.~D. and {Dav{\'e}}, R. and 
	{Weinberg}, D.~H.},
    title = "{The COS-Halos Survey: Physical Conditions and Baryonic Mass in the Low-redshift Circumgalactic Medium}",
  journal = {\apj},
archivePrefix = "arXiv",
   eprint = {1403.0947},
 keywords = {galaxies: formation, galaxies: halos, intergalactic medium, quasars: absorption lines},
     year = 2014,
    month = sep,
   volume = 792,
      eid = {8},
    pages = {8},
      doi = {10.1088/0004-637X/792/1/8},
   adsurl = {http://adsabs.harvard.edu/abs/2014ApJ...792....8W},
  adsnote = {Provided by the SAO/NASA Astrophysics Data System}
}